

<record>
  <leader>00794nam a2200265   4500</leader>
  <controlfield tag="001">BIBLIOPAC-010706</controlfield>
  <controlfield tag="005">20161123142928.0</controlfield>
  <controlfield tag="008">860702s1975    bl            000 0 por d</controlfield>
  <datafield tag="035" ind1=" " ind2=" ">
    <subfield code="z">900060517</subfield>
  </datafield>
  <datafield tag="040" ind1=" " ind2=" ">
    <subfield code="a">USP/SIBI</subfield>
  </datafield>
  <datafield tag="041" ind1="0" ind2=" ">
    <subfield code="a">por</subfield>
  </datafield>
  <datafield tag="044" ind1=" " ind2=" ">
    <subfield code="a">bl</subfield>
  </datafield>
  <datafield tag="082" ind1="1" ind2=" ">
    <subfield code="a">307.76</subfield>
  </datafield>
  <datafield tag="090" ind1=" " ind2=" ">
    <subfield code="a">301</subfield>
    <subfield code="b">E19c</subfield>
  </datafield>
  <datafield tag="100" ind1="1" ind2=" ">
    <subfield code="a">Eckardt, Wolf von</subfield>
    <subfield code="d">1918-</subfield>
  </datafield>
  <datafield tag="245" ind1="1" ind2="2">
    <subfield code="a">A crise das cidades : </subfield>
    <subfield code="b">um lugar para viver / </subfield>
    <subfield code="c">Wolf von Eckardt; prefácio de August Heckscher; tradução de Edmond Jorge.</subfield>
  </datafield>
  <datafield tag="260" ind1=" " ind2=" ">
    <subfield code="a">Rio de Janeiro : </subfield>
    <subfield code="b">Zahar, </subfield>
    <subfield code="c">1975.</subfield>
  </datafield>
  <datafield tag="300" ind1=" " ind2=" ">
    <subfield code="a">463 p. : </subfield>
    <subfield code="b">il, </subfield>
    <subfield code="c">21 cm</subfield>
  </datafield>
  <datafield tag="490" ind1=" " ind2=" ">
    <subfield code="a">Biblioteca de Ciências Sociais.</subfield>
  </datafield>
  <datafield tag="650" ind1=" " ind2="7">
    <subfield code="a">PLANEJAMENTO TERRITORIAL URBANO.</subfield>
  </datafield>
  <datafield tag="650" ind1=" " ind2="7">
    <subfield code="a">Cidades.</subfield>
  </datafield>
  <datafield tag="700" ind1="1" ind2=" ">
    <subfield code="a">Heckscher, Augusto</subfield>
    <subfield code="4">pref</subfield>
  </datafield>
  <datafield tag="700" ind1="1" ind2=" ">
    <subfield code="a">Jorge, Edmond</subfield>
    <subfield code="4">trad</subfield>
  </datafield>
  <datafield tag="942" ind1=" " ind2=" ">
    <subfield code="c">L</subfield>
  </datafield>
  <datafield tag="999" ind1=" " ind2=" ">
    <subfield code="c">17416</subfield>
    <subfield code="d">17416</subfield>
  </datafield>
  <datafield tag="952" ind1=" " ind2=" ">
    <subfield code="0">0</subfield>
    <subfield code="1">0</subfield>
    <subfield code="4">0</subfield>
    <subfield code="6">301_000000000000000_E19C</subfield>
    <subfield code="7">0</subfield>
    <subfield code="8">G</subfield>
    <subfield code="9">23628</subfield>
    <subfield code="a">sdin</subfield>
    <subfield code="b">sdin</subfield>
    <subfield code="d">2016-11-23</subfield>
    <subfield code="l">0</subfield>
    <subfield code="o">301 E19c</subfield>
    <subfield code="p">75-1152</subfield>
    <subfield code="r">2016-11-23</subfield>
    <subfield code="w">2016-11-23</subfield>
    <subfield code="y">L</subfield>
  </datafield>
</record>