

<record>
  <leader>00943nam a2200265   4500</leader>
  <controlfield tag="001">BIBLIOPAC-006676</controlfield>
  <controlfield tag="003">Br</controlfield>
  <controlfield tag="005">20161123141908.0</controlfield>
  <controlfield tag="008">050127s1995    bl a          100 0 por  </controlfield>
  <datafield tag="020" ind1=" " ind2=" ">
    <subfield code="a">8526803433</subfield>
  </datafield>
  <datafield tag="040" ind1=" " ind2=" ">
    <subfield code="a">Br</subfield>
    <subfield code="b">por</subfield>
  </datafield>
  <datafield tag="082" ind1="0" ind2="4">
    <subfield code="a">301</subfield>
  </datafield>
  <datafield tag="090" ind1=" " ind2=" ">
    <subfield code="a">301</subfield>
    <subfield code="b">E81</subfield>
  </datafield>
  <datafield tag="245" ind1="0" ind2="0">
    <subfield code="a">Estilos de antropologia / </subfield>
    <subfield code="c">Roberto Cardoso de Oliveira, Guilhermo Raul Ruben, orgs.</subfield>
  </datafield>
  <datafield tag="260" ind1=" " ind2=" ">
    <subfield code="a">Campinas, SP : </subfield>
    <subfield code="b">Editora da UNICAMP, </subfield>
    <subfield code="c">1995.</subfield>
  </datafield>
  <datafield tag="300" ind1=" " ind2=" ">
    <subfield code="a">213 p. : </subfield>
    <subfield code="b">il.</subfield>
  </datafield>
  <datafield tag="490" ind1=" " ind2="1">
    <subfield code="a">Repertórios</subfield>
  </datafield>
  <datafield tag="500" ind1=" " ind2=" ">
    <subfield code="a">Trabalhos apresentados no Seminário sobre Estilos de Antropologia, realizado na Unicamp nos dias 10 e 11 de outubro de 1990.</subfield>
  </datafield>
  <datafield tag="650" ind1=" " ind2=" ">
    <subfield code="a">Antropologia</subfield>
    <subfield code="x">Congressos.</subfield>
  </datafield>
  <datafield tag="650" ind1=" " ind2=" ">
    <subfield code="a">Etnologia</subfield>
    <subfield code="x">Congressos.</subfield>
  </datafield>
  <datafield tag="700" ind1="1" ind2=" ">
    <subfield code="a">Oliveira, Roberto Cardoso de,</subfield>
    <subfield code="d">1928-</subfield>
  </datafield>
  <datafield tag="700" ind1="1" ind2=" ">
    <subfield code="a">Ruben, Guilhermo Raul,</subfield>
    <subfield code="d">1947-</subfield>
  </datafield>
  <datafield tag="711" ind1="2" ind2=" ">
    <subfield code="a">Seminário sobre Estilos de Antropologia </subfield>
    <subfield code="d">(1990 : </subfield>
    <subfield code="c">Universidade Estadual de Campinas)</subfield>
  </datafield>
  <datafield tag="942" ind1=" " ind2=" ">
    <subfield code="c">L</subfield>
  </datafield>
  <datafield tag="999" ind1=" " ind2=" ">
    <subfield code="c">13490</subfield>
    <subfield code="d">13490</subfield>
  </datafield>
  <datafield tag="952" ind1=" " ind2=" ">
    <subfield code="0">0</subfield>
    <subfield code="1">0</subfield>
    <subfield code="4">0</subfield>
    <subfield code="6">301_000000000000000_E81</subfield>
    <subfield code="7">0</subfield>
    <subfield code="8">G</subfield>
    <subfield code="9">18070</subfield>
    <subfield code="a">sdin</subfield>
    <subfield code="b">sdin</subfield>
    <subfield code="d">2016-11-23</subfield>
    <subfield code="l">0</subfield>
    <subfield code="o">301 E81</subfield>
    <subfield code="p">05-0049 | R</subfield>
    <subfield code="r">2016-11-23</subfield>
    <subfield code="w">2016-11-23</subfield>
    <subfield code="y">L</subfield>
    <subfield code="z">Zamboni Comércio de Livros Ltda.</subfield>
    <subfield code=" ">21,00</subfield>
  </datafield>
</record>