

<record>
  <leader>00761nam a22002291a 4500</leader>
  <controlfield tag="003">BR-MnINPA</controlfield>
  <controlfield tag="005">20170221102336.0</controlfield>
  <controlfield tag="008">160321s2015    bl |||||||||||||| ||por d</controlfield>
  <datafield tag="020" ind1=" " ind2=" ">
    <subfield code="a">978-85-8148-763-2</subfield>
  </datafield>
  <datafield tag="082" ind1=" " ind2=" ">
    <subfield code="2">19</subfield>
    <subfield code="a">301</subfield>
  </datafield>
  <datafield tag="090" ind1=" " ind2=" ">
    <subfield code="a">301</subfield>
    <subfield code="b">I62</subfield>
  </datafield>
  <datafield tag="245" ind1=" " ind2=" ">
    <subfield code="a">Investigações contemporâneas em estudos sociais da ciência e tecnologia/</subfield>
    <subfield code="c">Adriano Premebida, Fabrício Monteiro Neves, Tiago Ribeiro Duarte ( orgs.)</subfield>
  </datafield>
  <datafield tag="260" ind1=" " ind2=" ">
    <subfield code="a">Judiaí, SP:</subfield>
    <subfield code="b">Paco Editoral,</subfield>
    <subfield code="c">2015</subfield>
  </datafield>
  <datafield tag="300" ind1=" " ind2=" ">
    <subfield code="a">328 p.:il.</subfield>
  </datafield>
  <datafield tag="650" ind1=" " ind2="0">
    <subfield code="a">Estudos sociais</subfield>
  </datafield>
  <datafield tag="650" ind1=" " ind2="7">
    <subfield code="a">Tecnologia</subfield>
  </datafield>
  <datafield tag="650" ind1=" " ind2="0">
    <subfield code="a">Conhecimento científico</subfield>
  </datafield>
  <datafield tag="700" ind1=" " ind2=" ">
    <subfield code="a">Premebida, Adriano</subfield>
    <subfield code="e">Organizador</subfield>
  </datafield>
  <datafield tag="700" ind1=" " ind2=" ">
    <subfield code="a">Neves, Fabrício Monteiro</subfield>
    <subfield code="e">Organizador</subfield>
  </datafield>
  <datafield tag="700" ind1=" " ind2=" ">
    <subfield code="a">Duarte, Tiago Ribeiro</subfield>
    <subfield code="e">Organizador</subfield>
  </datafield>
  <datafield tag="942" ind1=" " ind2=" ">
    <subfield code="c">L</subfield>
  </datafield>
  <datafield tag="999" ind1=" " ind2=" ">
    <subfield code="c">18651</subfield>
    <subfield code="d">18651</subfield>
  </datafield>
  <datafield tag="952" ind1=" " ind2=" ">
    <subfield code="0">0</subfield>
    <subfield code="1">0</subfield>
    <subfield code="2">ddc</subfield>
    <subfield code="4">0</subfield>
    <subfield code="6">301_000000000000000_I62</subfield>
    <subfield code="7">0</subfield>
    <subfield code="8">G</subfield>
    <subfield code="9">25119</subfield>
    <subfield code="a">sdin</subfield>
    <subfield code="b">sdin</subfield>
    <subfield code="d">2017-02-21</subfield>
    <subfield code="l">0</subfield>
    <subfield code="o">301 I62</subfield>
    <subfield code="p">2017-0101</subfield>
    <subfield code="r">2017-02-21</subfield>
    <subfield code="w">2017-02-21</subfield>
    <subfield code="y">L</subfield>
  </datafield>
</record>