

<record>
  <leader>00524nam a2200181   4500</leader>
  <controlfield tag="001">BIBLIOPAC-010220</controlfield>
  <controlfield tag="005">20161123142832.0</controlfield>
  <controlfield tag="008">140218s2014    bl     f     0000 0 eng  </controlfield>
  <datafield tag="090" ind1=" " ind2=" ">
    <subfield code="a">301</subfield>
    <subfield code="b">S943</subfield>
  </datafield>
  <datafield tag="245" ind1="1" ind2="0">
    <subfield code="a">Studies in social interaction. /</subfield>
    <subfield code="c">Editado por David Sudnow.</subfield>
  </datafield>
  <datafield tag="260" ind1=" " ind2=" ">
    <subfield code="a">New York : </subfield>
    <subfield code="b">The free Press,</subfield>
    <subfield code="c">c1972.</subfield>
  </datafield>
  <datafield tag="300" ind1=" " ind2=" ">
    <subfield code="a">vii, 455p. </subfield>
  </datafield>
  <datafield tag="650" ind1=" " ind2="4">
    <subfield code="a">Regras básicas e normativas.</subfield>
  </datafield>
  <datafield tag="650" ind1=" " ind2="4">
    <subfield code="a">Carater moral.</subfield>
  </datafield>
  <datafield tag="650" ind1=" " ind2="4">
    <subfield code="a">Analises interacionais.</subfield>
  </datafield>
  <datafield tag="700" ind1="1" ind2=" ">
    <subfield code="a">Sundnow, David, editor.</subfield>
  </datafield>
  <datafield tag="942" ind1=" " ind2=" ">
    <subfield code="c">L</subfield>
  </datafield>
  <datafield tag="999" ind1=" " ind2=" ">
    <subfield code="c">16930</subfield>
    <subfield code="d">16930</subfield>
  </datafield>
  <datafield tag="952" ind1=" " ind2=" ">
    <subfield code="0">0</subfield>
    <subfield code="1">0</subfield>
    <subfield code="4">0</subfield>
    <subfield code="6">301_000000000000000_S943</subfield>
    <subfield code="7">1</subfield>
    <subfield code="8">G</subfield>
    <subfield code="9">23041</subfield>
    <subfield code="a">sdin</subfield>
    <subfield code="b">sdin</subfield>
    <subfield code="d">2016-11-23</subfield>
    <subfield code="l">0</subfield>
    <subfield code="o">301 S943</subfield>
    <subfield code="p">73-0098</subfield>
    <subfield code="r">2016-11-23</subfield>
    <subfield code="w">2016-11-23</subfield>
    <subfield code="y">L</subfield>
  </datafield>
</record>